<record><leader>00000cas a2200000 a 4500</leader><controlfield tag="001">22165887</controlfield><controlfield tag="008">900801d19531953iluwr ne      0   a0eng c</controlfield><datafield ind1=" " ind2=" " tag="010"><subfield code="a">sn 90054552 </subfield></datafield><datafield ind1=" " ind2=" " tag="040"><subfield code="a">NVF</subfield><subfield code="b">eng</subfield><subfield code="c">NVF</subfield><subfield code="d">NVF</subfield><subfield code="d">OCLCO</subfield></datafield><datafield ind1="1" ind2=" " tag="029"><subfield code="a">AU@</subfield><subfield code="b">000020631302</subfield></datafield><datafield ind1=" " ind2=" " tag="042"><subfield code="a">pcc</subfield></datafield><datafield ind1=" " ind2=" " tag="043"><subfield code="a">n-us-il</subfield></datafield><datafield ind1="0" ind2="4" tag="245"><subfield code="a">The Dee-Mack news.</subfield></datafield><datafield ind1="3" ind2=" " tag="246"><subfield code="a">Dee Mack news</subfield></datafield><datafield ind1=" " ind2=" " tag="260"><subfield code="a">Mackinaw, Ill. :</subfield><subfield code="b">Lloyd Pflederer,</subfield><subfield code="c">1953.</subfield></datafield><datafield ind1=" " ind2=" " tag="300"><subfield code="a">v.</subfield></datafield><datafield ind1=" " ind2=" " tag="310"><subfield code="a">Weekly</subfield></datafield><datafield ind1="0" ind2=" " tag="362"><subfield code="a">Oct. 29, 1953-Dec. 31, 1953.</subfield></datafield><datafield ind1=" " ind2=" " tag="515"><subfield code="a">Issues have no vol. or no. designations.</subfield></datafield><datafield ind1=" " ind2=" " tag="580"><subfield code="a">Formed by the union of: Deer Creek news and: Mackinaw enterprise-gazette.</subfield></datafield><datafield ind1=" " ind2=" " tag="580"><subfield code="a">Merged with: Tremont-Hopedale news, and: Morton news, to form: Tazewell County news.</subfield></datafield><datafield ind1=" " ind2="0" tag="651"><subfield code="a">Mackinaw (Ill.)</subfield><subfield code="v">Newspapers.</subfield></datafield><datafield ind1=" " ind2="0" tag="651"><subfield code="a">Deer Creek (Ill.)</subfield><subfield code="v">Newspapers.</subfield></datafield><datafield ind1=" " ind2=" " tag="752"><subfield code="a">United States</subfield><subfield code="b">Illinois</subfield><subfield code="c">Tazewell</subfield><subfield code="d">Mackinaw.</subfield></datafield><datafield ind1="1" ind2="4" tag="780"><subfield code="t">Deer Creek news</subfield><subfield code="w">(DLC)sn2008060402</subfield><subfield code="w">(OCoLC)191673039</subfield></datafield><datafield ind1="1" ind2="4" tag="780"><subfield code="t">Mackinaw enterprise-gazette</subfield><subfield code="w">(DLC)sn 90054562</subfield><subfield code="w">(OCoLC)22166462</subfield></datafield><datafield ind1="1" ind2="7" tag="785"><subfield code="t">Tremont-Hopedale news</subfield><subfield code="w">(DLC)sn 90054656</subfield><subfield code="w">(OCoLC)22165775</subfield></datafield><datafield ind1="1" ind2="7" tag="785"><subfield code="t">Morton news</subfield><subfield code="w">(DLC)sn 87082823</subfield><subfield code="w">(OCoLC)15908981</subfield></datafield><datafield ind1="1" ind2="7" tag="785"><subfield code="t">Tazewell County news</subfield><subfield code="w">(DLC)sn 90054557</subfield><subfield code="w">(OCoLC)22165947</subfield></datafield></record>